<record xmlns="http://www.openarchives.org/OAI/2.0/" xmlns:xsi="http://www.w3.org/2001/XMLSchema-instance"><header><identifier>oai:alma.34CSIC_INST:990012275400204201</identifier><datestamp>2020-02-06T08:41:03Z</datestamp><setSpec>manuscripta</setSpec></header><metadata><record xmlns="http://www.loc.gov/MARC21/slim" xmlns:xsi="http://www.w3.org/2001/XMLSchema-instance" xsi:schemaLocation="http://www.loc.gov/MARC21/slim http://www.loc.gov/standards/marcxml/schema/MARC21slim.xsd"><leader>06453ntm a2200589 i 4500</leader><controlfield tag="005">20181031100344.0</controlfield><controlfield tag="008">100331q1500    sp            000 0 ara d</controlfield><controlfield tag="001">990012275400204201</controlfield><datafield tag="035" ind1=" " ind2=" "><subfield code="a">CSIC001227540</subfield></datafield><datafield tag="035" ind1=" " ind2=" "><subfield code="a">(ES-MaCSI)001227540MAD01-Aleph</subfield></datafield><datafield tag="035" ind1=" " ind2=" "><subfield code="a">(OCoLC)1123789157
</subfield></datafield><datafield tag="040" ind1=" " ind2=" "><subfield code="a">ES-MaCSI</subfield><subfield code="b">spa</subfield></datafield><datafield tag="080" ind1=" " ind2=" "><subfield code="a">091(=411.21)</subfield></datafield><datafield tag="080" ind1=" " ind2=" "><subfield code="a">28-534.3</subfield></datafield><datafield tag="245" ind1="1" ind2="0"><subfield code="a">Misceláneo religioso </subfield><subfield code="h">[Manuscrito]</subfield><subfield code="b">: azoras coránicas y oraciones.</subfield></datafield><datafield tag="260" ind1=" " ind2=" "><subfield code="a">[S.l.],</subfield><subfield code="c">[S. a., S. XVI].</subfield></datafield><datafield tag="300" ind1=" " ind2=" "><subfield code="a">184 ff. + 2 hojas de guarda escritas sin foliar (Una col., 14 líneas por pág.) :</subfield><subfield code="b">Papel, bien conservado. ;</subfield><subfield code="c">20,5x14 cm (caja: 15,1x9,5 cm.).</subfield></datafield><datafield tag="490" ind1="0" ind2=" "><subfield code="a">Manuscripta</subfield></datafield><datafield tag="500" ind1=" " ind2=" "><subfield code="a">Incipit: فاتحت الكتاب / َانَالنُنْبَارَا ذَا الله بِّيَذُشُ ذَا بِّيَذَذْ</subfield></datafield><datafield tag="500" ind1=" " ind2=" "><subfield code="a">Explicit: كَاتُ الْعَذاب كُنْلُشْ ذَاشْكَارَايَانْ / تَاشْ َاشْ اكُشِغِيَانْتَا. تَمْتُ</subfield></datafield><datafield tag="500" ind1=" " ind2=" "><subfield code="a">Tinta marrón oscura para ductus; roja para vocalización del texto árabe (1v-100r), así como en el ductus de algunas palabras o frases, para resaltarlas o marcarlas como título (habitualmente en árabe); amarilla para el relleno de las letras seudocúficas.</subfield></datafield><datafield tag="500" ind1=" " ind2=" "><subfield code="a">Copista: Desconocido.</subfield></datafield><datafield tag="500" ind1=" " ind2=" "><subfield code="a">Colofón: No.</subfield></datafield><datafield tag="500" ind1=" " ind2=" "><subfield code="a">Características especiales: Anotaciones en las guardas sobre gramática árabe y derechos del nacido a la herencia.</subfield></datafield><datafield tag="500" ind1=" " ind2=" "><subfield code="a">Ilustración: ‘Unwân con título inicial: “ فاتحت الكتاب”. Hay otro ‘unwân más adelante sin colorear también con título.</subfield></datafield><datafield tag="500" ind1=" " ind2=" "><subfield code="a">Ilustraciones: Cerezas en amarillo. Manecillas. Puntos amarillos y azules.</subfield></datafield><datafield tag="500" ind1=" " ind2=" "><subfield code="a">Tipo de cuaderno: Cuaterniones y quinión.</subfield></datafield><datafield tag="500" ind1=" " ind2=" "><subfield code="a">Deterioros: Mancha de humedad en el corte.</subfield></datafield><datafield tag="500" ind1=" " ind2=" "><subfield code="a">H. en blanco: IIv, 1r.</subfield></datafield><datafield tag="500" ind1=" " ind2=" "><subfield code="a">H. dañadas, mutiladas, sueltas: Ninguna.</subfield></datafield><datafield tag="500" ind1=" " ind2=" "><subfield code="a">H. faltan o añadidas: Ninguna.</subfield></datafield><datafield tag="500" ind1=" " ind2=" "><subfield code="a">Foliación: Moderna, a lápiz, en esquina superior derecha del verso.</subfield></datafield><datafield tag="500" ind1=" " ind2=" "><subfield code="a">Reclamos: En horizontal, en el margen inferior derecho del vuelto del último folio del cuaderno. No siempre aparecen.</subfield></datafield><datafield tag="500" ind1=" " ind2=" "><subfield code="a">Signatura de cuaderno: No.</subfield></datafield><datafield tag="500" ind1=" " ind2=" "><subfield code="a">Pautado: Líneas de justificación; a punta seca en el verso.</subfield></datafield><datafield tag="500" ind1=" " ind2=" "><subfield code="a">Filigrana: Racimo de uvas parcial con la letra mayúscula “M” en sentido inverso. Parece verse solo en una ocasión.</subfield></datafield><datafield tag="500" ind1=" " ind2=" "><subfield code="a">Anotaciones: No.</subfield></datafield><datafield tag="500" ind1=" " ind2=" "><subfield code="a">Signatura antigua: Junta 25</subfield></datafield><datafield tag="510" ind1="3" ind2=" "><subfield code="a">Descripción: Julián Ribera y Miguel Asín, Manuscritos árabes y aljamiados de la Biblioteca de la Junta, Madrid, Junta para Ampliación de Estudios e Investigaciones Científicas, 1912, pp. 110-111.</subfield></datafield><datafield tag="510" ind1="4" ind2=" "><subfield code="a">Bibliografía: Consuelo López Morillas, The Qur’ān in Sixteenth Century Spain: six morisco versions of sūra 79 (London: Tamesis Books Ltd., 1982) p. 15, 19, 21, 23-25, 38, 44-46, 51, 52, 57, 59-81. + imágenes adjuntas ; María José Cervera Fras, Manuscritos moriscos aragoneses, Zaragoza, IEIOP, 2010 (reproducción, p. 41). Alfredo Mateos y Juan Carlos Villaverde (eds.), Memoria de los moriscos. Escritos y relatos de una diáspora cultural, Madrid, SECC, 2010, pp. 199-200 (reproducción, pp. 77, 199). Consuelo López Morillas "The Genealogy of the Spanish Qur'an," Journal of Islamic Studies, 17 (2006), 255-94. Se cita en el Apéndice A, y en el texto. p. 265, 280, 281, 282, 283, 284, 285, 286, 290. Consuelo López Morillas “Lost and Found? Yça of Segovia and the Qur’an Among the Mudejars and Moriscos,” Journal of Islamic Studies, 10 (1999), 277-92. p. p. 281, 288</subfield></datafield><datafield tag="520" ind1="2" ind2=" "><subfield code="a">1.- 1v-100r. Traducción interlineada del Corán: 1-3, 36, 67, 78-114. 2.- 100v-110v. “Esta es l-aljutba de la Pascua / de las adaheas, in šā’a Allāh” 3.- 110v-130v. [Tradiciones del Profeta] 4.- 130v-149r. [Tradición de Ibnu Abbas sobre el sacrificio del hijo de Abraham]. 5.- 149r-154v. “Aljutba para l-aljumu’a que se nonbra en ella la muerte i-el día del judicio”. 6.- 154v-173v. “Aljutba de la Pascua de Ramadán” 7.- 174r-182r. “Pedricación de la noche del laylatu el qadri, in šā’a Allah tacalà”. 8.- 182v-183v. “Este es el atahiatu para el açalá”. [Árabe con su traducción aljamiada.] 9.- 183v-184r. “Este es el alqanut de açubhi”. [Árabe con su traducción aljamiada.]</subfield></datafield><datafield tag="530" ind1=" " ind2=" "><subfield code="a">María Pilar Martínez Olmo, Colección de manuscritos árabes y aljamiados de la Biblioteca del Instituto de Filología del CSIC [recurso electrónico]: los manuscritos de la Junta, Madrid, CSIC, 1998, 4 Cd-Rom.</subfield></datafield><datafield tag="541" ind1=" " ind2=" "><subfield code="a">Procedencia: Almonacid de la Sierra.</subfield><subfield code="d">Ingreso: Junio de 1910.</subfield></datafield><datafield tag="546" ind1=" " ind2=" "><subfield code="a">Aljamía y árabe</subfield><subfield code="b">con escritura magrebí y seudocúfica para títulos de azoras.</subfield></datafield><datafield tag="563" ind1=" " ind2=" "><subfield code="a">Restaurada. Piel marrón oscura sobre cartón endurecido. Dos cuerdas de badana en los laterales (corte exterior) para cierre. Tres nudos en el lomo.</subfield></datafield><datafield tag="594" ind1=" " ind2="1"><subfield code="a">Responsabilidad desconocida</subfield></datafield><datafield tag="650" ind1=" " ind2="7"><subfield code="a">Manuscritos árabes.</subfield><subfield code="2">CSICAU</subfield></datafield><datafield tag="650" ind1=" " ind2="7"><subfield code="a">Manuscritos aljamiados.</subfield><subfield code="2">CSICAU</subfield></datafield><datafield tag="650" ind1=" " ind2="7"><subfield code="a">Oraciones.</subfield><subfield code="2">CSICAU</subfield></datafield><datafield tag="830" ind1=" " ind2="0"><subfield code="a">Manuscripta</subfield></datafield><datafield tag="856" ind1="4" ind2="1"><subfield code="u">http://aleph.csic.es/imagenes/mad01/0006_PMSC/P_001227540_650947_V00.pdf</subfield><subfield code="z">Descargar Pdf completo (14M)</subfield><subfield code="m">CSIC</subfield></datafield><datafield tag="856" ind1="4" ind2="1"><subfield code="u">http://simurg.bibliotecas.csic.es/viewer/image/CSIC001227540/1/</subfield><subfield code="z">Ver texto completo en SIMURG, el portal de fondos digitalizados del CSIC</subfield><subfield code="m">CSIC</subfield></datafield><datafield tag="856" ind1="4" ind2="1"><subfield code="u">http://aleph.csic.es/imagenes/mad01/0006_PMSC/html/001227540.html</subfield><subfield code="z">Ver texto completo en Bookreader</subfield></datafield></record></metadata></record>